{
  "leader": "03414cam a2200553 i 4500",
  "fields": [
    {
      "001": "ocm14167681\\"
    },
    {
      "003": "OCoLC"
    },
    {
      "005": "20220712095356.0"
    },
    {
      "008": "860812s1987\\\\\\\\mnu\\\\\\\\\\\\\\\\\\\\\\001\\0\\eng\\\\"
    },
    {
      "010": {
        "ind1": "\\",
        "ind2": "\\",
        "subfields": [
          {
            "a": "   86020665 "
          }
        ]
      }
    },
    {
      "040": {
        "ind1": "\\",
        "ind2": "\\",
        "subfields": [
          {
            "a": "DLC"
          },
          {
            "b": "eng"
          },
          {
            "e": "rda"
          },
          {
            "c": "DLC"
          },
          {
            "d": "FCI"
          },
          {
            "d": "LVB"
          },
          {
            "d": "OCLCQ"
          },
          {
            "d": "MUQ"
          },
          {
            "d": "BTCTA"
          },
          {
            "d": "NLGGC"
          },
          {
            "d": "YDXCP"
          },
          {
            "d": "EUX"
          },
          {
            "d": "OCLCO"
          },
          {
            "d": "OCLCF"
          },
          {
            "d": "OCLCQ"
          },
          {
            "d": "OCL"
          },
          {
            "d": "OCLCQ"
          },
          {
            "d": "AMAUA"
          },
          {
            "d": "DGU"
          },
          {
            "d": "UX0"
          },
          {
            "d": "LRP"
          },
          {
            "d": "WST"
          },
          {
            "d": "BOL"
          },
          {
            "d": "INT"
          },
          {
            "d": "CUI"
          },
          {
            "d": "AU@"
          },
          {
            "d": "OCLCO"
          },
          {
            "d": "YLS"
          },
          {
            "d": "MTS"
          },
          {
            "d": "TFF"
          },
          {
            "d": "OCL"
          },
          {
            "d": "N#V"
          },
          {
            "d": "FWR"
          },
          {
            "d": "BDP"
          },
          {
            "d": "DCL"
          },
          {
            "d": "XQL"
          },
          {
            "d": "OCLCO"
          }
        ]
      }
    },
    {
      "016": {
        "ind1": "7",
        "ind2": "\\",
        "subfields": [
          {
            "a": "000004822625"
          },
          {
            "2": "AU"
          }
        ]
      }
    },
    {
      "016": {
        "ind1": "\\",
        "ind2": "\\",
        "subfields": [
          {
            "a": "000004822625"
          },
          {
            "2": "AU"
          }
        ]
      }
    },
    {
      "019": {
        "ind1": "\\",
        "ind2": "\\",
        "subfields": [
          {
            "a": "17888336"
          },
          {
            "a": "17915283"
          },
          {
            "a": "879335658"
          },
          {
            "a": "993333587"
          },
          {
            "a": "993888941"
          },
          {
            "a": "1013439270"
          },
          {
            "a": "1036728181"
          },
          {
            "a": "1037624331"
          },
          {
            "a": "1053604961"
          },
          {
            "a": "1058529578"
          },
          {
            "a": "1059159147"
          },
          {
            "a": "1059782553"
          },
          {
            "a": "1061158230"
          },
          {
            "a": "1110401687"
          },
          {
            "a": "1111787384"
          },
          {
            "a": "1112084925"
          },
          {
            "a": "1112833281"
          },
          {
            "a": "1114441942"
          },
          {
            "a": "1120787484"
          },
          {
            "a": "1127485506"
          },
          {
            "a": "1139494055"
          },
          {
            "a": "1184477183"
          },
          {
            "a": "1201623184"
          },
          {
            "a": "1201840307"
          },
          {
            "a": "1201885548"
          },
          {
            "a": "1206204443"
          },
          {
            "a": "1256005846"
          }
        ]
      }
    },
    {
      "020": {
        "ind1": "\\",
        "ind2": "\\",
        "subfields": [
          {
            "a": "0314301380"
          },
          {
            "q": "(set)"
          }
        ]
      }
    },
    {
      "020": {
        "ind1": "\\",
        "ind2": "\\",
        "subfields": [
          {
            "a": "9780314301383"
          },
          {
            "q": "(set)"
          }
        ]
      }
    },
    {
      "035": {
        "ind1": "\\",
        "ind2": "\\",
        "subfields": [
          {
            "a": "(OCoLC)14167681"
          },
          {
            "z": "(OCoLC)17888336"
          },
          {
            "z": "(OCoLC)17915283"
          },
          {
            "z": "(OCoLC)879335658"
          },
          {
            "z": "(OCoLC)993333587"
          },
          {
            "z": "(OCoLC)993888941"
          },
          {
            "z": "(OCoLC)1013439270"
          },
          {
            "z": "(OCoLC)1036728181"
          },
          {
            "z": "(OCoLC)1037624331"
          },
          {
            "z": "(OCoLC)1053604961"
          },
          {
            "z": "(OCoLC)1058529578"
          },
          {
            "z": "(OCoLC)1059159147"
          },
          {
            "z": "(OCoLC)1059782553"
          },
          {
            "z": "(OCoLC)1061158230"
          },
          {
            "z": "(OCoLC)1110401687"
          },
          {
            "z": "(OCoLC)1111787384"
          },
          {
            "z": "(OCoLC)1112084925"
          },
          {
            "z": "(OCoLC)1112833281"
          },
          {
            "z": "(OCoLC)1114441942"
          },
          {
            "z": "(OCoLC)1120787484"
          },
          {
            "z": "(OCoLC)1127485506"
          },
          {
            "z": "(OCoLC)1139494055"
          },
          {
            "z": "(OCoLC)1184477183"
          },
          {
            "z": "(OCoLC)1201623184"
          },
          {
            "z": "(OCoLC)1201840307"
          },
          {
            "z": "(OCoLC)1201885548"
          },
          {
            "z": "(OCoLC)1206204443"
          },
          {
            "z": "(OCoLC)1256005846"
          }
        ]
      }
    },
    {
      "043": {
        "ind1": "\\",
        "ind2": "\\",
        "subfields": [
          {
            "a": "n-us---"
          }
        ]
      }
    },
    {
      "050": {
        "ind1": "0",
        "ind2": "0",
        "subfields": [
          {
            "a": "KF4651"
          },
          {
            "b": ".R47 1987"
          }
        ]
      }
    },
    {
      "050": {
        "ind1": "\\",
        "ind2": "4",
        "subfields": [
          {
            "a": "KF395.A2"
          },
          {
            "b": "F6 1987"
          }
        ]
      }
    },
    {
      "055": {
        "ind1": "\\",
        "ind2": "4",
        "subfields": [
          {
            "a": "JX3110"
          },
          {
            "b": "A54 1987"
          }
        ]
      }
    },
    {
      "082": {
        "ind1": "0",
        "ind2": "0",
        "subfields": [
          {
            "a": "342.730412"
          },
          {
            "b": "RES"
          }
        ]
      }
    },
    {
      "245": {
        "ind1": "0",
        "ind2": "0",
        "subfields": [
          {
            "a": "Restatement of the law, the foreign relations law of the United States /"
          },
          {
            "c": "the American Law Institute."
          }
        ]
      }
    },
    {
      "246": {
        "ind1": "1",
        "ind2": "\\",
        "subfields": [
          {
            "i": "At head of title:"
          },
          {
            "a": "Restatement of the law third"
          }
        ]
      }
    },
    {
      "246": {
        "ind1": "1",
        "ind2": "8",
        "subfields": [
          {
            "a": "Restatement of the law, third, the foreign relations law of the United States."
          }
        ]
      }
    },
    {
      "250": {
        "ind1": "\\",
        "ind2": "\\",
        "subfields": [
          {
            "a": "Revised and enlarged."
          }
        ]
      }
    },
    {
      "264": {
        "ind1": "\\",
        "ind2": "1",
        "subfields": [
          {
            "a": "St. Paul, Minn. :"
          },
          {
            "b": "American Law Institute Publishers,"
          },
          {
            "c": "1987."
          }
        ]
      }
    },
    {
      "300": {
        "ind1": "\\",
        "ind2": "\\",
        "subfields": [
          {
            "a": "2 volumes ;"
          },
          {
            "c": "26 cm"
          }
        ]
      }
    },
    {
      "336": {
        "ind1": "\\",
        "ind2": "\\",
        "subfields": [
          {
            "a": "text"
          },
          {
            "b": "txt"
          },
          {
            "2": "rdacontent"
          }
        ]
      }
    },
    {
      "337": {
        "ind1": "\\",
        "ind2": "\\",
        "subfields": [
          {
            "a": "unmediated"
          },
          {
            "b": "n"
          },
          {
            "2": "rdamedia"
          }
        ]
      }
    },
    {
      "338": {
        "ind1": "\\",
        "ind2": "\\",
        "subfields": [
          {
            "a": "volume"
          },
          {
            "b": "nc"
          },
          {
            "2": "rdacarrier"
          }
        ]
      }
    },
    {
      "500": {
        "ind1": "\\",
        "ind2": "\\",
        "subfields": [
          {
            "a": "\"As adopted and promulgated by the American Law Institute at Washington, D.C., May 14, 1986.\""
          }
        ]
      }
    },
    {
      "525": {
        "ind1": "\\",
        "ind2": "\\",
        "subfields": [
          {
            "a": "Kept up to date by supplements."
          }
        ]
      }
    },
    {
      "500": {
        "ind1": "\\",
        "ind2": "\\",
        "subfields": [
          {
            "a": "Includes index."
          }
        ]
      }
    },
    {
      "505": {
        "ind1": "0",
        "ind2": "\\",
        "subfields": [
          {
            "a": "v. 1. 1-488 -- v. 2. 501-End. Tables and index"
          }
        ]
      }
    },
    {
      "504": {
        "ind1": "\\",
        "ind2": "\\",
        "subfields": [
          {
            "a": "Includes bibliographical references and index."
          }
        ]
      }
    },
    {
      "508": {
        "ind1": "\\",
        "ind2": "\\",
        "subfields": [
          {
            "a": "At head of title: The American Law Institute."
          }
        ]
      }
    },
    {
      "651": {
        "ind1": "\\",
        "ind2": "0",
        "subfields": [
          {
            "a": "United States"
          },
          {
            "x": "Foreign relations"
          },
          {
            "x": "Law and legislation."
          }
        ]
      }
    },
    {
      "650": {
        "ind1": "\\",
        "ind2": "7",
        "subfields": [
          {
            "a": "Diplomatic relations"
          },
          {
            "x": "Law and legislation."
          },
          {
            "2": "fast"
          },
          {
            "0": "(OCoLC)fst01910430"
          }
        ]
      }
    },
    {
      "651": {
        "ind1": "\\",
        "ind2": "7",
        "subfields": [
          {
            "a": "United States."
          },
          {
            "2": "fast"
          },
          {
            "0": "(OCoLC)fst01204155"
          }
        ]
      }
    },
    {
      "655": {
        "ind1": "\\",
        "ind2": "7",
        "subfields": [
          {
            "a": "Restatements of the law."
          },
          {
            "2": "fast"
          },
          {
            "0": "(OCoLC)fst01774305"
          }
        ]
      }
    },
    {
      "655": {
        "ind1": "\\",
        "ind2": "7",
        "subfields": [
          {
            "a": "Restatements of the law."
          },
          {
            "2": "lcgft"
          }
        ]
      }
    },
    {
      "710": {
        "ind1": "2",
        "ind2": "\\",
        "subfields": [
          {
            "a": "American Law Institute,"
          },
          {
            "e": "publisher."
          }
        ]
      }
    },
    {
      "775": {
        "ind1": "0",
        "ind2": "8",
        "subfields": [
          {
            "i": "Revised as:"
          },
          {
            "t": "Restatement of the law fourth, the foreign relations law of the United States."
          },
          {
            "d": "St. Paul, MN : American Law Institute Publishers, 2018"
          },
          {
            "w": "(OCoLC)1060613762"
          }
        ]
      }
    },
    {
      "776": {
        "ind1": "0",
        "ind2": "8",
        "subfields": [
          {
            "i": "Online version:"
          },
          {
            "t": "Restatement of the law, the foreign relations law of the United States."
          },
          {
            "b": "Rev. and enl."
          },
          {
            "d": "St. Paul, Minn. : American Law Institute Publishers, 1987"
          },
          {
            "w": "(OCoLC)755176801"
          }
        ]
      }
    },
    {
      "994": {
        "ind1": "\\",
        "ind2": "\\",
        "subfields": [
          {
            "a": "Z0"
          },
          {
            "b": "NYRVC"
          }
        ]
      }
    },
    {
      "948": {
        "ind1": "\\",
        "ind2": "\\",
        "subfields": [
          {
            "h": "NO HOLDINGS IN NYRVC - 618 OTHER HOLDINGS"
          }
        ]
      }
    },
    {
      "999": {
        "ind1": "\\",
        "ind2": "\\",
        "subfields": [
          {
            "a": "00000000016201"
          },
          {
            "v": "Volume 1"
          }
        ]
      }
    },
    {
      "999": {
        "ind1": "\\",
        "ind2": "\\",
        "subfields": [
          {
            "a": "00000000016205"
          },
          {
            "v": "Volume 2"
          }
        ]
      }
    }
  ]
}